 @book{Farkas_Kra_1980,
 place={New York; Heidelberg; Berlin},
 title={Riemann surfaces},
 volume={71},
 ISBN={3-540-90465-4},
 ISSN={3-540-90465-4},
 note={Bibliografija: str. 330-332},
 publisher={Springer},
 author={Farkas, Hershel M. and Kra, Irwin},
 year={1980}
}
 
@book{Forstneric,
 author = {Franc Forstneriƒç},
 title = {Analiza na mnogoterostih},
 year = {2023},
 url = {https://users.fmf.uni-lj.si/forstneric/papers/AMbook.pdf},
 urldate = {16.~5.~2023},
 note = {Bibliografija: str. 237-239},
}

@article{Lyndol,
 ISSN = {00029939, 10886826},
 URL = {http://www.jstor.org/stable/2035812},
 author = {R. C. Lyndon and J. L. Ullman},
 journal = {Proceedings of the American Mathematical Society},
 number = {6},
 pages = {1119--1124},
 publisher = {American Mathematical Society},
 title = {Groups of Elliptic Linear Fractional Transformations},
 urldate = {2023-06-11},
 volume = {18},
 year = {1967}
}

@book{Artin_1991,
 place={Englewood Cliffs (New Jersey)},
 title={Algebra},
 ISBN={0-13-004763-5},
 publisher={Prentice Hall},
 author={Artin, Michael},
 year={1991},
 pages={XVIII, 618} }
